1760 3147
308 108 391 158 22
740 93 785 150 P
828 113 875 152 H
919 114 972 153 AE
1021 115 1064 153 D
1105 113 1166 166 ,R
1192 116 1219 154 1

379 169 579 220 *Canes
612 188 852 222 currentes
884 177 1047 224 bibere
1081 177 1127 223 in
1159 175 1273 224 Nilo
1307 175 1537 239 fluminej

310 235 357 286 A
389 235 659 287 Crocodilis
693 256 753 288 ne
788 244 1055 306 rapiantur,
1087 243 1311 291 traditum
1345 244 1432 292 est.

309 302 456 368 Igitur
485 306 594 352 cum
626 323 816 355 currens
848 310 1012 358 bibere
1044 309 1255 374 coepisset
1284 309 1428 358 Canis
1453 327 1473 371 5

309 368 388 417 Sic
421 369 710 420 Crocodilus
739 390 749 420 ε
789 378 1047 439 Quamlibet
1079 377 1224 424 lambe
1255 378 1365 424 otio.

311 437 432 484 Noli
464 440 619 485 vereri.
653 438 718 485 At
750 440 830 488 ille
864 460 873 488 :
909 447 1114 491 Facerem
1151 443 1388 490 mehercule
1411 458 1434 500 ,·

312 503 422 567 Nzfi
449 502 528 568 effi
549 505 707 569 scirem
745 510 896 557 carnis
933 527 973 558 te
1011 511 1219 574 cupidum
1255 526 1376 557 meae.

590 603 629 651 F
663 604 710 653 A
745 605 782 654 Β
820 606 870 654 U
904 606 943 655 L
976 607 1024 656 A
1136 607 1186 656 X
1220 607 1267 657 X
1302 608 1372 663 V,

753 691 853 737 Par
873 692 980 755 pari
1013 687 1210 754 refertur.

532 769 834 820 VULPES
904 787 985 820 ET
1048 771 1431 825 CICONIA.

381 853 513 903 Num
547 855 840 903 nocendum.
871 855 916 904 Si
950 857 1053 921 quis
1083 858 1201 904 vero
1235 857 1440 918 laeserit3

312 920 618 969 Multandum
649 921 784 969 simili
816 921 950 984 jure,
980 921 1151 969 fabella
1185 923 1431 974 admonet.

379 988 403 1011 *
426 987 609 1051 Vulpes
644 988 703 1034 ad
739 1006 927 1036 coenam
963 987 1130 1033 dicitur
1159 987 1414 1036 Ciconiam

310 1051 444 1101 Prior
474 1052 718 1110 invitaffe,
750 1055 802 1101 &
833 1054 899 1100 illi
932 1054 979 1099 in
1015 1053 1174 1117 patin&
1207 1054 1436 1119 liquidam

311 1117 514 1167 Posuisse
547 1118 890 1178 sorbitionem,
920 1137 1064 1184 quam
1097 1120 1229 1168 nullo
1261 1121 1413 1169 modo

311 1183 514 1233 Gustare
551 1185 754 1234 esuriens
793 1188 1002 1250 potuerit
1038 1183 1255 1234 Ciconia.

311 1251 442 1313 Quae
470 1250 685 1316 Vulpem
722 1254 829 1299 ciim
865 1249 1164 1312 revocasset,
1197 1253 1359 1301 intrito
1398 1250 1540 1312 cibo,‘

309 1315 508 1365 Plenam
541 1317 759 1383 lagenam
796 1318 966 1382 posuit.
1002 1318 1130 1365 Huic
1164 1318 1363 1366 rostrum
1398 1319 1633 1380 inserensj

312 1381 519 1431 Satiatur
550 1384 675 1448 ipsa,
703 1384 754 1432 &
779 1400 974 1452 torquet
1005 1387 1261 1433 convivam
1291 1384 1436 1433 fame.

313 1448 441 1513 Quae
474 1452 579 1497 cum
609 1451 790 1515 lagenae
822 1451 985 1502 frustrii
1017 1451 1193 1499 collum
1226 1452 1484 1511 lamberet,

311 1515 618 1582 Peregrinam
654 1517 714 1564 fic
750 1518 963 1566 locutam
997 1519 1245 1566 volucrem
1280 1519 1586 1583 accepimus:

312 1585 413 1632 Sua
447 1583 625 1648 quiffiue
658 1588 864 1651 exempla
897 1587 1021 1633 dehet
1054 1602 1174 1649 aequo
1207 1587 1356 1634 animo
1385 1587 1505 1650 pati.

511 1683 550 1733 F
594 1683 643 1733 A
690 1684 727 1732 B
780 1685 829 1734 U
879 1686 918 1734 L
964 1686 1008 1735 A
1137 1686 1184 1734 X
1229 1684 1276 1734 X
1322 1683 1372 1734 V
1415 1684 1455 1734 Ι.

598 1770 792 1817 Avarus
812 1768 928 1831 ficus
947 1770 1038 1832 fibi
1068 1769 1271 1831 carnifex
1299 1772 1371 1835 est.

538 1850 775 1900 CANIS
830 1867 907 1899 ET
954 1852 1436 1903 VULTURJUS.

379 1935 501 1985 Haec
533 1948 607 1984 re's
641 1937 793 1983 avaris
829 1932 921 1981 effe
957 1937 1252 1984 conveniens
1286 1935 1472 2000 potest,

311 2002 372 2053 Et
401 2005 510 2068 qui,
537 2002 740 2050 humiles
773 2001 897 2059 nati,
931 2000 1022 2047 dici
1057 2002 1320 2066 locupletes
1354 2002 1559 2052 student.

380 2069 647 2118 *Humana
679 2067 914 2116 effodiens
950 2066 1077 2124 offa,
1110 2068 1376 2116 thesaurum
1415 2069 1561 2119 Canis

314 2135 524 2184 Invenit.
553 2135 612 2184 Et
642 2136 841 2184 violavit
878 2135 985 2198 quia
1019 2134 1192 2183 Manes
1225 2134 1394 2195 Deos„

312 2201 493 2265 Iniefia
525 2201 590 2250 est
621 2201 684 2248 illi
719 2202 987 2251 divitiarum
1022 2201 1249 2266 cupiditas
1275 2218 1290 2259 3

311 2266 485 2317 Poenas
519 2284 570 2316 ut
605 2267 768 2315 sanciae
805 2266 1023 2331 religioni
1062 2268 1309 2331 penderet.

311 2334 483 2400 Itaque
517 2352 680 2382 aurum
716 2335 827 2383 dum
864 2331 1095 2393 custodit,
1122 2335 1296 2383 oblitus
1330 2333 1455 2391 cibi,

313 2401 461 2450 Fame
486 2399 552 2449 est
577 2400 1080 2466 consumptus,Quem
1106 2399 1227 2448 stans
1243 2400 1485 2447 Vulturius
1509 2397 1667 2465 super9

314 2468 482 2525 Fertur
511 2468 697 2516 locutus
730 2486 740 2516 ε
783 2472 826 2517 Ο
855 2469 1026 2523 canis,
1053 2468 1204 2515 merit&
1227 2466 1387 2532 jaces,

318 2536 416 2599 Qui
450 2536 688 2600 concuptsti
711 2534 864 2598 subit&
897 2535 1066 2599 regales
1097 2553 1232 2599 opes,

318 2602 473 2654 Trivio
508 2618 779 2670 conceptus,
812 2603 855 2652 δ’
883 2604 1099 2650 educatus
1120 2603 1326 2668 stercore·
