1760 3147
319 81 805 144 FABULARUM
858 79 1114 141 L1BER
1157 75 1209 138 I.
1367 96 1444 158 17

405 196 443 246 F
480 195 526 244 A
562 195 599 244 B
637 197 686 246 U
723 196 763 246 L
798 195 846 246 A
948 190 1128 242 XII.

290 283 579 346 Utiltffi'mum
604 282 754 348 saepe,
784 281 907 346 quod
939 278 1245 327 contemnitur.

191 362 464 415 CERVUS
526 379 880 415 CORNIBus
941 376 1346 413 lMPEDITUS.

158 448 378 499 Laudatis
407 448 482 517 (ι)
514 449 702 498 utiliora
732 446 802 515 (b)
821 484 836 507 ,
864 464 970 514 quae
1005 447 1377 514 contempseris,

88 513 223 579 Saepe
259 519 490 576 inveniri,
523 517 623 563 haec
658 518 810 564 exerit
844 515 1070 563 narratio.

155 582 270 630 *Ad
305 583 491 631 fontem
526 581 748 642 Cervus,
779 585 888 630 cum
918 580 1133 643 bibisset,
1160 582 1357 645 restitit,

85 645 145 695 Et
180 652 225 696 in
259 651 446 715 liquore
482 649 603 698 vidit
636 648 845 716 effigiem
880 649 1026 699 suam.

85 713 156 761 Ibi
193 717 308 764 dum
344 716 526 764 ramosa
564 719 738 766 mirans
773 716 931 765 laudat
965 733 1178 774 cornua,

85 781 387 848 Crurumque
424 787 619 831 nimiam
657 787 938 834 tenuitatem
977 786 1255 847 vituperat:

10 889 17 893 .
82 846 364 905 Venantfim
400 849 552 899 subito
588 853 792 900 vocibus
830 852 1143 908 conterritus,

81 914 170 963 Per
204 936 429 981 campum
465 918 632 984 fugere
669 922 849 984 coepit,
883 919 935 965 ἃ
972 916 1104 964 cursu
1141 916 1239 964 levi

84 981 246 1031 Canes
285 984 434 1032 elusit.
473 985 603 1033 Silva
642 1001 743 1033 tum
781 983 974 1050 excepit
1011 983 1200 1043 ferum,

77 1048 133 1096 In
172 1051 265 1114 quit
301 1053 495 1099 retentis
529 1053 786 1116 impeditus
825 1050 1080 1108 cornibus,

81 1115 300 1164 Lacerari
334 1120 483 1180 coepit
517 1119 750 1166 morfibus
786 1118 920 1166 saevis
956 1133 1144 1164 canum.

82 1180 222 1229 Tunc
256 1184 500 1243 moriens,
531 1200 707 1233 vocem
746 1184 867 1232 hanc
904 1181 1098 1230 edidisse
1136 1182 1343 1230 dicitur:

82 1251 126 1296 Ο
161 1267 225 1294 me
261 1247 485 1312 infelicem
518 1249 536 1296 Ι
574 1254 652 1314 qui
687 1269 805 1299 nunc
837 1247 1009 1298 demt‘tm
1044 1249 1282 1313 intelligo,

81 1316 147 1362 Ut
180 1317 267 1361 illa
304 1317 410 1363 milii
443 1314 694 1382 profherint
733 1336 828 1382 qua:
864 1317 1181 1380 dffpexeram,

78 1383 179 1441 Et,
207 1400 303 1448 quae
338 1385 579 1434 lazza'iimm
599 1423 615 1443 ,
645 1401 860 1451 quantum
894 1384 1037 1434 luffzis
1068 1382 1322 1431 habuerint.

324 1485 362 1534 F
406 1485 450 1534 A
500 1485 537 1534 B
590 1485 640 1533 U
683 1484 721 1533 L
764 1484 814 1533 A
920 1483 967 1531 X
1008 1483 1030 1532 Ι
1076 1483 1097 1533 I
1142 1482 1184 1534 Ι.

395 1572 658 1620 Laudatore
693 1570 813 1618 nihil
843 1569 1114 1635 infidiofius.

297 1654 612 1704 VULPEs
695 1670 779 1703 ET
852 1652 1218 1704 CORvus.·

142 1738 249 1804 Qui
279 1739 324 1788 se
358 1740 535 1788 laudari
572 1739 749 1805 gaudet
779 1739 941 1788 verbis
975 1738 1218 1800 subdolis,

69 1807 191 1857 Fere
224 1808 303 1855 dat
335 1825 502 1871 poenas
537 1809 661 1870 turpi
697 1806 1003 1871 poenitentifi.
1039 1823 1045 1831 ··

138 1873 306 1923 *Cum
337 1875 394 1923 de
426 1873 630 1923 fenestre
660 1872 852 1923 Corvus
884 1885 1075 1939 raptum
1107 1871 1295 1922 caseum

73 1939 303 1990 Comesse
336 1942 518 2000 vellet,
551 1941 678 1990 cels&
710 1942 926 1990 residens
956 1942 1158 2001 arbore,

72 2008 218 2056 Hunc
253 2008 372 2056 vidit
402 2008 589 2073 Vulpes
615 2024 630 2067 ;
660 2009 836 2057 deinde
870 2008 932 2056 fic
963 2009 1110 2073 coepit
1145 2008 1279 2073 loqui
1304 2023 1317 2056 ε

76 2078 119 2122 Ο
150 2076 226 2138 qui
261 2091 470 2132 tuarum,
503 2079 676 2133 Corve,
706 2094 956 2141 pennarum
989 2078 1045 2140 est
1074 2075 1234 2123 nitor!

73 2145 305 2205 Quantum
340 2144 513 2189 decoris
549 2160 759 2207 corpore,
792 2144 836 2191 6·
863 2144 994 2192 vultu
1023 2141 1183 2207 geris!

71 2211 126 2256 Si
156 2227 303 2256 vocem
337 2210 551 2266 haberes,
583 2212 713 2258 nulla
744 2212 869 2274 prior
897 2208 966 2276 (c)
1000 2210 1097 2256 ales
1117 2207 1258 2273 foret.

70 2274 139 2322 At
171 2276 251 2324 ille
283 2275 478 2334 stultus,
511 2278 625 2324 dum
657 2277 762 2325 vult
795 2294 974 2326 vocem
1010 2274 1295 2336 ostendere,

68 2339 230 2390 Emisit
263 2359 347 2391 ore
382 2342 600 2403 caseum,
630 2361 774 2408 quem
812 2345 1030 2394 celeriter

67 2407 255 2458 Dolosa
285 2409 472 2475 Vulpes
509 2411 658 2460 avidis
695 2413 848 2475 rapuit
886 2410 1127 2459 dentibus.

68 2474 196 2524 Turn
230 2477 428 2526 demum
461 2480 694 2545 ingemuit
728 2477 884 2527 Corvi
918 2479 1147 2543 deceptus
1183 2474 1363 2541 stupor.

123 2653 182 2701 (a)
214 2650 305 2700 Que
335 2650 461 2691 celles
492 2661 568 2703 que
597 2660 701 2689 vous
730 2646 867 2689 louez.
903 2648 960 2699 (b)
989 2652 1029 2692 S.
1049 2662 1111 2690 ea.
1150 2649 1200 2700 fc)
1228 2652 1266 2690 S.
1285 2661 1338 2692 te.
