1760 3147
261 105 759 167 FABULARUM
814 104 1064 164 L1BER
1108 105 1159 163 Ι.
1311 109 1394 188 '23

207 219 711 270 FABULA
833 217 1228 269 XXVII.

341 308 419 354 Ne
444 325 634 371 magnus
666 321 835 354 tenuem
862 305 1097 371 despicito.

264 388 596 440 Vnius
671 404 757 437 ET
822 388 1177 448 AQUILA.

108 474 350 539 Quamvis
385 475 637 529 sublimes,
668 471 850 521 debent
883 473 1087 523 humiles
1119 489 1370 536 metuere,

39 540 265 591 Vindicia
299 542 441 590 docili
478 542 588 607 quia
622 554 753 603 patet
784 539 1005 588 solertiae.

108 608 131 630 ⁴*
152 609 392 674 Vulpinos
431 609 615 656 catulos
648 607 825 671 Aquila
863 608 1110 673 quondam
1147 607 1360 668 sustulit;

40 672 272 741 Nidoque
303 674 459 740 posuit
484 677 655 740 pullis,
688 675 843 723 escam
877 689 926 723 ut
957 690 1228 741 carperent.

39 739 182 789 Hanc
213 742 458 808 persecuta
487 759 666 802 mater,
697 760 834 793 orare
863 743 1062 808 incipit,

38 810 116 856 Ne
146 825 319 858 tantum
351 809 515 873 miserae
546 813 707 859 luHum
741 813 1002 875 importaret
1019 809 1130 873 fibi.

40 871 348 942 Contempsit
383 877 491 937 illa,
519 892 618 926 tuta
652 879 833 943 quippe
868 877 969 943 ipso
999 876 1131 927 loco.

40 940 228 1007 Vulpes
260 944 318 992 ab
346 946 425 992 ar&
453 948 608 1010 rapuit
637 945 885 993 ardentem
919 944 1104 1001 facem,

39 1006 319 1073 Totamque
346 1012 551 1058 flammis
582 1013 804 1060 arborem
836 1011 1184 1070 circumdedit,

40 1073 203 1124 Hostis
234 1076 455 1126 dolorem
488 1078 667 1127 damno
699 1079 896 1127 miscens
928 1079 1182 1144 sanguinis.

40 1141 248 1207 Aquila,
276 1158 328 1192 ut
359 1145 540 1208 periclo
574 1149 740 1192 mortis
771 1147 979 1209 eriperet
1008 1145 1144 1203 suos,

40 1206 314 1261 Incolumes
347 1224 487 1258 natos
516 1211 714 1278 supplex
741 1211 894 1276 Vulpi
926 1211 1134 1259 tradidit.

173 1308 679 1360 FABULA
807 1309 1268 1369 XXVIII,

272 1396 356 1461 Est
391 1397 465 1445 cui
499 1413 660 1465 magno
697 1397 887 1461 constitit
923 1395 1168 1444 differium.

208 1479 487 1530 As1NUs
548 1494 902 1529 IRRIDENS
956 1479 1232 1529 APRUM.

106 1563 396 1631 Plerumque
427 1564 551 1614 stulti
581 1561 720 1611 risum
755 1563 869 1610 dum
901 1579 1095 1629 captant
1124 1565 1319 1629 levem,⁴

38 1630 198 1681 Gravi
231 1631 523 1698 destringunt
556 1632 674 1679 alios
707 1633 1036 1691 contumelifi‚

39 1697 101 1748 Et
131 1699 213 1747 fibi
243 1702 474 1748 nocivum
509 1699 753 1747 concitant
785 1700 1069 1762 periculum.

110 1764 336 1815 *Asellus
368 1767 504 1832 Apro
538 1768 649 1814 cum
682 1764 833 1814 fuiffet
866 1765 1078 1817 obvius:

41 1834 215 1892 Salve,
243 1835 422 1900 inquit,
453 1833 617 1898 frater.
657 1832 743 1882 Ille
779 1834 1031 1900 indignans
1064 1833 1287 1898 repudiat

39 1898 310 1960 Officium,
341 1900 392 1951 δι
425 1903 621 1966 quaerit,
654 1918 734 1949 cur
767 1900 827 1948 sic
861 1902 1053 1949 mentiri
1084 1901 1222 1953 velit·

44 1966 218 2016 Asinus
238 2006 251 2026 ‚
277 1969 476 2017 extenso
510 1968 636 2033 pede
668 1986 678 2015 z
715 1970 769 2016 Si
792 1970 986 2031 fimilem
1018 1987 1156 2036 negas

46 2036 149 2083 Tibi
180 2054 244 2083 me
279 2035 389 2098 effe,
416 2037 527 2082 certe*
545 2037 696 2098 fimile
728 2037 782 2099 est
811 2037 892 2084 hoc
925 2038 1053 2101 rostro
1088 2051 1185 2084 tuo.

40 2100 210 2166 Aper,
237 2103 347 2149 cum
379 2102 526 2151 vellet
557 2101 716 2150 facere
750 2102 1034 2167 generosum
1068 2104 1332 2167 impetum,

44 2166 284 2232 Repreffit
313 2171 429 2216 iram
459 2186 474 2228 ;
507 2168 590 2228 &‚
616 2172 795 2218 Facilis
824 2172 1024 2218 νὶηόὶέῖα
1055 2172 1111 2236 est
1140 2168 1246 2218 mihi
1272 2186 1294 2227 ,·

43 2239 139 2286 -Sed
166 2238 399 2302 inquinari
429 2236 534 2284 nolo
566 2239 732 2303 ignavo
753 2238 995 2303 sanguine.

312 2339 351 2388 F
384 2337 431 2387 A
468 2337 505 2386 B
544 2337 593 2386 U
632 2337 670 2387 L
706 2337 752 2385 A
842 2337 889 2385 X
926 2335 973 2384 X
1009 2335 1031 2385 I
1065 2336 1129 2387 X.

244 2425 388 2473 Mala
426 2422 619 2490 publica
664 2422 712 2469 in
753 2421 926 2486 plebem
978 2424 1198 2471 recidunt.

142 2508 321 2557 RANAE
350 2521 670 2557 METUENTES
694 2504 1034 2554 TAURORUM
1063 2520 1301 2556 PRAELIA.

112 2591 333 2642 Humiles
368 2592 618 2649 laborant,
646 2589 726 2638 ubi
759 2604 987 2654 potentes
1022 2588 1259 2638 diffident.

116 2658 291 2713 FRana
320 2662 368 2710 in
399 2659 575 2729 palude
606 2674 818 2726 pugnam
841 2655 1116 2706 Taurorum
1144 2660 1355 2712 intuens:
