1760 3147
345 119 839 177 FABULARUM
895 115 1142 174 LIBER
1186 114 1236 172 Ι.
1392 123 1470 195 13'

124 193 251 245 Tum
283 199 404 248 mifit
433 202 523 247 illis
552 200 814 265 Hydwm,
840 199 918 263 qui
954 197 1100 244 dente
1133 193 1302 258 aspero

123 262 385 330 Corripere
420 267 570 332 coepit
605 266 822 333 fingulas.
858 263 1041 312 Frustrix
1077 278 1250 310 necem

121 326 345 396 Fugitant
376 335 571 382 inertes.
598 334 794 382 Vocem
827 330 1073 396 praecludit
1105 342 1281 378 metus.

119 393 303 446 Furtim
332 401 475 466 igitur
506 402 618 449 dant
647 399 890 447 Mercurio
919 397 1143 445 mandata
1170 395 1231 443 ad
1256 393 1464 453 Jovem,

121 459 319 513 Affliffis
353 483 401 516 ut
431 467 679 515 succurrat.
709 464 851 513 Tunc
882 463 1049 513 contre
1076 461 1216 511 Deus
1244 479 1256 510 :

124 532 252 592 Quia
282 535 484 597 noluistis
516 537 699 598 vestrum
720 532 872 596 serre,
902 532 1054 596 inquit
1074 567 1088 590 ‚
1117 531 1278 578 bonum
1293 565 1312 587 ,

118 598 302 661 Malum
368 599 538 663 erferte.
568 599 675 648 Vos
709 615 904 665 quoque
923 636 936 659 ,
965 599 994 647 ὃ
1023 600 1152 646 cives
1171 633 1185 656 ,
1213 597 1308 655 ait,

118 659 230 711 Hoc
261 617 519 726 susssnete3
551 665 703 730 majus
737 682 798 715 ne
830 669 994 715 veniat
1025 664 1229 721 malum.

405 755 445 805 F
487 755 536 804 A
583 756 620 805 Β
670 757 719 806 U
767 757 804 805 L
847 756 895 805 A
1006 754 1027 803 I
1074 754 1096 803 I
1141 753 1186 805 Ῑ.

480 842 536 890 In
561 843 752 908 propria*
775 842 897 907 pelle
928 840 1117 904 quiesce.⁴

348 922 759 977 GRAcuLUs
836 939 1249 976 SUPERBU&

184 1005 260 1056 Ne
294 1009 485 1074 gloriari
517 1009 663 1057 libeat
694 1009 858 1057 alienis
892 1009 1064 1068 bonis,
1095 1008 1172 1076 (a)

116 1071 309 1139 Suoque
344 1076 503 1140 potius
538 1076 700 1123 habitu
727 1077 878 1124 vitam
913 1076 1120 1141 degere,

118 1139 226 1188 AEso
266 1159 317 1189 us
349 1142 488 1190 nobis
522 1142 616 1189 hoc
647 1143 926 1205 exemplum
958 1143 1188 1206 prodidit.

184 1159 438 1255 *ffumens
469 1208 594 1255 inani
621 1206 859 1256 Graculus
891 1207 1140 1272 superbissx,

115 1270 332 1333 Pennas,
356 1273 533 1323 Pavoni
565 1292 670 1340 quae
701 1275 1011 1333 deciderant,
1041 1273 1217 1323 sustulit
1231 1284 1250 1332 ‚'

113 1339 274 1406 Seque
311 1343 580 1391 exornavit.
615 1341 813 1390 Deinde
848 1358 1165 1391 contemnens
1200 1342 1341 1402 su033

115 1405 176 1454 Se
210 1407 393 1456 miscuit
423 1408 675 1457 Pavonum
704 1408 918 1458 formoso
950 1412 1100 1476 gregi.

114 1472 188 1521 Illi
223 1476 493 1540 impudenti
529 1494 709 1542 pennas
745 1478 952 1541 eripiunt
985 1480 1095 1535 avi,

113 1541 397 1609 Fugantque
430 1544 606 1592 rostris.
646 1544 777 1592 Male
813 1544 1036 1592 multatus
1068 1542 1307 1593 Graculus

113 1606 294 1657 Redire
328 1628 540 1659 mcerens
576 1613 722 1676 coepit
759 1612 820 1660 ad
854 1613 1100 1676 proprium
1138 1628 1320 1676 genus,

115 1674 161 1723 A
196 1694 292 1741 quo
331 1678 540 1742 repulsus
574 1679 753 1727 tristem
792 1678 997 1727 sustinuit
1034 1693 1217 1725 notam.

113 1740 243 1789 Turn
276 1747 470 1809 quidam
505 1762 562 1792 ex
597 1747 715 1803 illis,
750 1764 870 1810 quos
902 1748 1026 1809 prius
1060 1746 1342 1810 despexerat
1368 1759 1384 1792 ε

116 1811 361 1859 Contentus
396 1813 551 1878 nostris
577 1812 803 1877 sifuisses
828 1814 1050 1877 sedibus,

114 1879 210 1935 Et,
243 1881 365 1942 quod
396 1896 562 1928 natura
597 1883 780 1928 dederat
816 1879 1026 1943 voluiffis
1060 1880 1204 1944 pati,·

113 1946 216 1992 Nec
250 1947 378 1992 illam
415 1963 622 2012 expertus
661 1947 764 2012 effi’s
799 1949 1144 2004 contumeliam,

112 2013 214 2059 Nec
244 2014 360 2060 hanc
391 2016 613 2079 repulsum
649 2032 728 2063 tua
752 2016 939 2074 sentiret
972 2016 1232 2063 calamitas.

467 2103 505 2151 F
540 2103 586 2151 A
622 2105 658 2154 B
696 2106 746 2154 U
785 2105 823 2153 L
857 2104 904 2153 A
1000 2104 1021 2152 I
1054 2103 1120 2152 V.

326 2188 532 2237 Avidum
561 2189 652 2253 sua
675 2190 796 2257 saepe
834 2191 1008 2238 deludit
1042 2188 1263 2238 aviditas.

500 2272 723 2322 CANIS
778 2289 1083 2323 NATANS.

178 2355 376 2405 Amim't
405 2358 578 2405 merito
613 2357 892 2422 proprium,
919 2357 997 2423 qui
1034 2357 1239 2404 alienum
1274 2357 1477 2421 appet'it.

178 2423 365 2474 *Canis
398 2442 482 2491 per
511 2425 691 2472 flumen
722 2442 913 2472 carnem
946 2424 1057 2472 dum
1089 2423 1234 2472 ferret
1265 2438 1464 2471 natans:

116 2489 449 2558 Lympharum
482 2494 529 2540 in
562 2492 755 2558 speculo
787 2493 908 2539 vidit
943 2491 1244 2540 fimulacrum
1277 2489 1442 2538 suum:

735 2591 793 2598 1—-

116 2683 142 2726 h
169 2635 227 2727 ξιξ)
271 2632 453 2688 Supple‘ez
495 2644 538 2673 ut
578 2628 714 2683 potius
754 2631 876 2672 libeat
919 2630 1068 2684 degere
1108 2628 1235 2671 vitam
1278 2645 1358 2686 pro,
1388 2630 1470 2685 suo·

146 2699 163 2725 a
197 2699 271 2729 ιω.
