1760 3147
240 148 324 205 32
672 133 717 193 Ρ
760 143 806 196 H‘
849 153 904 194 Ε
956 151 999 194 n
1049 153 1085 194 R
1131 152 1158 196 1

239 208 409 261 Boeo
442 209 592 263 labori
629 215 764 264 dulce
798 233 1081 282 praeponens
1113 217 1292 269 lucrum
1320 214 1338 268 ἓ
1489 265 1494 270 .

235 276 339 326 'Sed
370 277 496 342 jam,
526 286 827 347 quodcumque
851 283 1027 345 fuerit,
1054 282 1138 349 (ut
1170 287 1284 335 dixit
1314 287 1504 348 Sinon}

241 344 325 392 Ad
354 346 540 412 Regem
575 351 681 397 cum
714 349 969 398 Dardaniae
1002 351 1251 413 perduchis
1283 352 1476 418 foret‚)

242 409 438 460 Librum
471 417 678 464 exarabo
711 419 900 465 tertium
929 417 1091 481 AEsopi
1125 417 1263 477 stilo,

244 476 468 539 Honori,
494 482 544 529 ὃ(
573 485 749 532 meritis
782 484 1004 532 dedicans
1035 480 1167 531 illum
1198 487 1308 532 tuis.

245 544 414 609 Quem
445 544 476 593 fi
507 548 636 614 leges
662 587 676 610 ,
712 550 908 599 laetabor
940 567 949 597 ε
986 547 1051 597 fin
1083 566 1242 599 autern
1276 551 1475 607 minias}

245 609 509 662 Habebunt
539 616 694 675 certe,
723 635 818 682 quo
847 617 894 666 se
927 616 1170 665 obleflent
1201 617 1393 682 posteri.

316 678 458 728 Nunc
491 679 755 730 fabularum
788 701 869 732 cur
899 682 952 731 fit
983 685 1233 733 inventum
1267 700 1447 749 genus,

246 743 395 802 Brevi
428 748 638 797 docebo.
673 749 885 798 Servitus
921 750 1166 809 obnoxia,

248 808 385 875 Quia
419 831 523 879 quae
558 817 786 877 volebat,
815 835 914 865 non
949 816 1156 864 audebat
1190 816 1378 876 dicere,

248 878 464 928 Affeclus
498 885 719 947 proprios
752 886 801 930 in
832 882 1030 931 fabellas
1064 881 1325 942 transtulit,

250 942 648 1012 Calumniamque
686 948 801 996 fiffls
836 949 969 997 elusit
1002 946 1142 1012 jocis.

249 1009 355 1077 Ego
390 1015 534 1077 porro
567 1000 689 1062 illius
723 1014 886 1062 semita
920 1014 1009 1062 feci
1041 1016 1203 1072 viam,

251 1077 314 1126 Et
345 1081 553 1144 cogitavi
587 1080 748 1146 plura,
779 1080 923 1146 quarn
955 1079 1239 1145 reliquerat,

251 1143 306 1192 In
341 1147 657 1196 calamitatem
691 1148 906 1213 deligens
940 1147 1156 1212 quaedam
1192 1155 1372 1194 meam:

252 1211 408 1276 Quod
438 1212 471 1261 fi
501 1216 742 1262 accusator
775 1217 888 1261 alius
921 1213 1096 1276 Seiano
1133 1212 1259 1260 foret
1282 1247 1299 1271 ,

252 1277 301 1327 Si
334 1278 461 1336 testis
495 1281 610 1328 alius
636 1317 650 1339 ,
678 1279 823 1345 judex
857 1281 971 1328 alius
1006 1278 1212 1342 denique
1235 1315 1250 1337 ,

255 1343 471 1412 Dignum
505 1346 679 1395 faterer
711 1347 803 1396 effe
838 1364 915 1395 me
949 1348 1088 1395 tantis
1120 1343 1294 1403 malis;

251 1410 363 1460 Nec
395 1413 463 1460 his
497 1414 717 1463 dolorem
753 1414 1002 1463 delinirem
1037 1412 1280 1461 remediis.

257 1477 533 1545 Suspicione
570 1480 602 1528 fi
637 1484 739 1547 quis
776 1482 948 1530 errabit
983 1479 1091 1539 sua,
1462 1542 1469 1543 ἶ

258 1544 318 1595 Et
351 1548 502 1610 rapiet
535 1548 594 1595 ad
626 1548 702 1607 se,
734 1548 864 1612 quod
900 1547 985 1595 erit
1020 1560 1277 1593 commune
1310 1543 1563 1604 omnium}

257 1610 410 1661 Stulte
445 1613 642 1662 nudabit
677 1617 820 1662 animi
855 1612 1205 1661 conscientiam.

260 1678 388 1727 Huic
423 1681 692 1730 excusatum
728 1697 805 1729 me
839 1681 987 1728 velim
1023 1677 1347 1726 nihilominus.

261 1745 435 1811 Neque
467 1751 595 1799 enim
629 1762 796 1795 notare
828 1746 1031 1812 singulos
1065 1762 1200 1793 mens
1231 1744 1296 1791 est
1327 1742 1471 1802 mihi,

262 1811 446 1861 Verum
470 1814 613 1879 ipsam
637 1816 805 1874 vitam,
826 1814 1053 1874 &mores
1074 1812 1322 1860 hominurn
1344 1805 1610 1857 ostender&

261 1878 387 1928 Rem
421 1898 497 1929 me
530 1880 786 1946 professum
819 1880 944 1928 dicet
971 1879 1094 1927 forte
1126 1878 1290 1942 aliquis
1322 1891 1534 1940 gravem.

263 1945 311 1995 Si
342 1946 501 2012 Phryx
535 1947 737 2013 AEsopus
774 1949 961 2012 potuit,
995 1942 1274 1992 Anacharsis
1307 1942 1516 2008 Scytha,

263 2013 506 2071 AEternam
538 2015 714 2062 famam
747 2014 956 2062 condere
987 2013 1181 2076 ingenio
1213 2009 1294 2057 suo
1321 2026 1332 2055 ε

263 2079 398 2146 Ego,
426 2082 640 2130 litteratae
673 2083 752 2146 qui
784 2081 882 2128 sum
915 2081 1113 2145 propior
1145 2076 1375 2135 Graeciae,

266 2146 367 2197 Cur
398 2147 566 2196 somno
600 2150 738 2196 inerti
770 2147 983 2196 deseram
1017 2145 1179 2210 patriae
1211 2144 1355 2190 decus
1379 2177 1394 2199 ‚

265 2214 479 2263 Threiffa
512 2217 617 2263 cum
655 2232 769 2279 gens
804 2227 1022 2260 numeret
1052 2210 1265 2257 auclores
1297 2207 1400 2255 suos
1425 2220 1444 2266 ,'

267 2281 486 2347 Linoque
518 2281 702 2346 Apollo
738 2279 788 2328 fit
823 2296 991 2344 parens
1011 2315 1023 2336 ,
1053 2276 1188 2325 Musa
1220 2275 1454 2339 OrpheO,

267 2348 372 2412 Qui
405 2350 507 2397 saxa
541 2363 679 2396 cantu
711 2348 895 2405 movit,
927 2348 977 2394 &L
1014 2344 1198 2392 domuit
1231 2342 1381 2401 feras,

268 2416 518 2479 Hebrique
551 2417 700 2464 tenuit
730 2416 933 2477 impetus
969 2412 1095 2459 dulci
1126 2409 1260 2456 mora
1287 2407 1303 2454 ?

266 2481 394 2548 Ergo
426 2483 533 2530 hinc
565 2480 755 2540 abesto,
785 2480 971 2537 Livor3
1003 2493 1062 2525 ne
1097 2474 1259 2523 frustra
1296 2489 1458 2539 gemas
1473 2481 1496 2535 ,L

269 2549 522 2613 Quoniam
555 2549 758 2598 solennis
793 2549 905 2598 mihi
943 2546 1139 2592 debetur
1172 2542 1341 2607 gloria.

268 2616 436 2666 Induxi
472 2631 517 2664 te
551 2617 610 2664 ad
642 2614 897 2681 legendum
924 2631 933 2659 ε
968 2611 1197 2659 sincerum
1230 2608 1344 2655 milii

270 2682 499 2746 ,Candore
530 2699 651 2736 noto
684 2682 854 2732 reddas
881 2679 1145 2748 judicium,
1174 2689 1315 2742 peto.
